
@article{dyer_random_1991,
	title = {A {Random} {Polynomial}-time {Algorithm} for {Approximating} the {Volume} of {Convex} {Bodies}},
	volume = {38},
	issn = {0004-5411},
	url = {http://doi.acm.org/10.1145/102782.102783},
	doi = {10.1145/102782.102783},
	number = {1},
	journal = {J. ACM},
	author = {Dyer, Martin and Frieze, Alan and Kannan, Ravi},
	month = jan,
	year = {1991},
	pages = {1--17}
}

@article{bfirfiny_computing_nodate,
	title = {Computing the volume is difficult},
	author = {Bfirfiny, Imre and Fiiredi, Zoltfin},
	pages = {8},
}

@book{press_numerical_2007,
	address = {Cambridge, UK ; New York},
	edition = {3 edition},
	title = {Numerical {Recipes} 3rd {Edition}: {The} {Art} of {Scientific} {Computing}},
	isbn = {978-0-521-88068-8},
	shorttitle = {Numerical {Recipes} 3rd {Edition}},
	publisher = {Cambridge University Press},
	author = {Press, William H. and Teukolsky, Saul A. and Vetterling, William T. and Flannery, Brian P.},
	month = sep,
	year = {2007}
}

@article{matsumoto_mersenne_1998,
	title = {Mersenne {Twister}: {A} 623-dimensionally {Equidistributed} {Uniform} {Pseudo}-random {Number} {Generator}},
	volume = {8},
	issn = {1049-3301},
	shorttitle = {Mersenne {Twister}},
	url = {http://doi.acm.org/10.1145/272991.272995},
	doi = {10.1145/272991.272995},
	number = {1},
	journal = {ACM Trans. Model. Comput. Simul.},
	author = {Matsumoto, Makoto and Nishimura, Takuji},
	month = jan,
	year = {1998},
	pages = {3--30}
}

@article{zhu_negative_2010,
	title = {Negative binomial time series models based on expectation thinning operators},
	volume = {140},
	issn = {0378-3758},
	url = {http://www.sciencedirect.com/science/article/pii/S037837581000042X},
	doi = {10.1016/j.jspi.2010.01.031},
	number = {7},
	journal = {Journal of Statistical Planning and Inference},
	author = {Zhu, Rong and Joe, Harry},
	month = jul,
	year = {2010},
	pages = {1874--1888},
}


@article{tierney_note_1998,
	title = {A note on {Metropolis}-{Hastings} kernels for general state spaces},
	volume = {8},
	number = {1},
	journal = {The Annals of Applied Probability},
	author = {Tierney, Luke},
	year = {1998},
	pages = {1--9},
}



@article{geyer_simulation_1994,
	title = {Simulation {Procedures} and {Likelihood} {Inference} for {Spatial} {Point} {Processes}},
	volume = {21},
	number = {4},
	journal = {Scandinavian Journal of Statistics},
	author = {Geyer, Charles J. and MÃ¸ller, Jesper},
	year = {1994},
	pages = {359--373},
}



@article{green_reversible_1995,
	title = {Reversible {Jump} {Markov} {Chain} {Monte} {Carlo} {Computation} and {Bayesian} {Model} {Determination}},
	volume = {82},
	number = {4},
	journal = {Biometrika},
	author = {Green, Peter J.},
	year = {1995},
	pages = {711--732},
}


